<?xml version="1.0" encoding="UTF-8"?><record xmlns="http://www.loc.gov/MARC21/slim" xmlns:cinclude="http://apache.org/cocoon/include/1.0" xmlns:zs="http://www.loc.gov/zing/srw/">
  <leader>01314cz  a2200277n  4500</leader>
  <controlfield tag="001">n  88176787 </controlfield>
  <controlfield tag="003">DLC</controlfield>
  <controlfield tag="005">20130314084501.0</controlfield>
  <controlfield tag="008">891025n| azannaabn          |a aaa      </controlfield>
  <datafield tag="010" ind1=" " ind2=" ">
    <subfield code="a">n  88176787 </subfield>
  </datafield>
  <datafield tag="035" ind1=" " ind2=" ">
    <subfield code="a">(OCoLC)oca02623480</subfield>
  </datafield>
  <datafield tag="040" ind1=" " ind2=" ">
    <subfield code="a">DLC</subfield>
    <subfield code="b">eng</subfield>
    <subfield code="e">rda</subfield>
    <subfield code="c">DLC</subfield>
    <subfield code="d">DLC</subfield>
    <subfield code="d">OCoLC</subfield>
    <subfield code="d">DLC</subfield>
  </datafield>
  <datafield tag="046" ind1=" " ind2=" ">
    <subfield code="f">1622~</subfield>
    <subfield code="g">1686</subfield>
    <subfield code="2">edtf</subfield>
  </datafield>
  <datafield tag="100" ind1="0" ind2=" ">
    <subfield code="a">Maadanna,</subfield>
    <subfield code="d">approximately 1622-1686</subfield>
  </datafield>
  <datafield tag="400" ind1="0" ind2=" ">
    <subfield code="w">nnea</subfield>
    <subfield code="a">Maadanna,</subfield>
    <subfield code="d">ca. 1622-1686</subfield>
  </datafield>
  <datafield tag="400" ind1="0" ind2=" ">
    <subfield code="a">Maadanna Suryaprakasa Rao,</subfield>
    <subfield code="d">approximately 1622-1686</subfield>
  </datafield>
  <datafield tag="400" ind1="0" ind2=" ">
    <subfield code="a">Madanna,</subfield>
    <subfield code="d">approximately 1622-1686</subfield>
  </datafield>
  <datafield tag="400" ind1="0" ind2=" ">
    <subfield code="a">Mahadaji Pant,</subfield>
    <subfield code="d">approximately 1622-1686</subfield>
  </datafield>
  <datafield tag="400" ind1="1" ind2=" ">
    <subfield code="a">Pant, Mahadaji,</subfield>
    <subfield code="d">approximately 1622-1686</subfield>
  </datafield>
  <datafield tag="400" ind1="1" ind2=" ">
    <subfield code="a">Prakash Rao, Surya,</subfield>
    <subfield code="d">approximately 1622-1686</subfield>
  </datafield>
  <datafield tag="400" ind1="1" ind2=" ">
    <subfield code="a">Rao, Maadanna Suryaprakasa,</subfield>
    <subfield code="d">approximately 1622-1686</subfield>
  </datafield>
  <datafield tag="400" ind1="1" ind2=" ">
    <subfield code="a">Rao, Surya Prakash,</subfield>
    <subfield code="d">approximately 1622-1686</subfield>
  </datafield>
  <datafield tag="400" ind1="0" ind2=" ">
    <subfield code="a">Surya Prakash Rao,</subfield>
    <subfield code="d">approximately 1622-1686</subfield>
  </datafield>
  <datafield tag="400" ind1="1" ind2=" ">
    <subfield code="a">Suryaprakasa Rao, Maadanna,</subfield>
    <subfield code="d">approximately 1622-1686</subfield>
  </datafield>
  <datafield tag="670" ind1=" " ind2=" ">
    <subfield code="a">Bhoopala Rao, K. V. The illustrious Maha Manthri Maadanna, 1984:</subfield>
    <subfield code="b">p. 39 (Mahadaji Pant) p. 46 (presumed b. 1622) port. opp. p. 48 (Maadanna Suryaprakasa Rao, prime minister of Abdul Hasan Tanashah, 1674-1686) p. 49 (Madanna) p. 212 (d. 3/16/1686)</subfield>
  </datafield>
  <datafield tag="670" ind1=" " ind2=" ">
    <subfield code="a">His. &amp; Cul. of Ind. people,</subfield>
    <subfield code="b">v. 7, p. 270 (MaĚdanna alias Surya Prakash Rao, minster)</subfield>
  </datafield>
</record>